<?xml version="1.0" encoding="UTF-8"?><record xmlns="http://www.loc.gov/MARC21/slim" xmlns:cinclude="http://apache.org/cocoon/include/1.0" xmlns:zs="http://www.loc.gov/zing/srw/">
  <leader>00351cz  a2200121n  4500</leader>
  <controlfield tag="001">n  89297588 </controlfield>
  <controlfield tag="003">DLC</controlfield>
  <controlfield tag="005">20141210085953.0</controlfield>
  <controlfield tag="008">930809n| azannaab           |n aaa      </controlfield>
  <datafield tag="010" ind1=" " ind2=" ">
    <subfield code="a">n  89297588 </subfield>
  </datafield>
  <datafield tag="040" ind1=" " ind2=" ">
    <subfield code="a">DLC</subfield>
    <subfield code="b">eng</subfield>
    <subfield code="e">rda</subfield>
    <subfield code="c">DLC</subfield>
    <subfield code="d">DLC</subfield>
  </datafield>
  <datafield tag="100" ind1="1" ind2=" ">
    <subfield code="a">Scott, I. D.</subfield>
  </datafield>
  <datafield tag="670" ind1=" " ind2=" ">
    <subfield code="a">His Notes on Chitral, 1937:</subfield>
    <subfield code="b">t.p. (I. D. Scott, I.C.S., late asst. pol. agent, Chitral)</subfield>
  </datafield>
</record>